
@book{Kopka2004,
	Author= {Kopka, Helmut and Patrick W. Daly},
	Title = {Guide to {LaTeX}: Tools and Techniques for Computer Typesetting},
	Publisher = {Addison Wesley},
	Edition = {Fourth},
	Year = {2004},
}